@article{galiniene2011ekonomikos,
  title={Ekonomikos modernizavimas: efektyvumo paie{\v{s}}kos ir {\v{s}}iuolaikiniai prioritetai},
  author={Galinien{\.e}, B and Melnikas, B and Mi{\v{s}}kinis, A and Bal{\v{c}}i{\=u}nas, N and Klima{\v{s}}auskien{\.e}, D and Stanik{\=u}nas, RA and Valentinavi{\v{c}}ius, S and Visokavi{\v{c}}ien{\.e}, B and Lau{\v{z}}adyt{\.e}, A and Ragauskien{\.e}, E and others},
  journal={Vilnius: Vilnius University},
  year={2011}
}

@article{galiniene2011valstybes,
  title={Valstyb{\.e}s turtas: jo apskaitos, valdymo ir naudojimo efektyvumo aspektai},
  author={Galinien{\.e}, B and Ragauskien{\.e}, E and Deveikis, S},
  journal={Kn. Ekonomikos ir turto vert{\.e}s poky{\v{c}}iai: tendencijos ir valdymo priemon{\.e}s},
  pages={70--83},
  year={2011}
}

@article{azbainis2011pereinamojo,
  title={Pereinamojo laikotarpio ir ekonomikos kriz{\.e}s poveikio nekilnojamojo turto rinkai vertinimas},
  author={Azbainis, Vytautas and Rudzkien{\.e}, Vitalija},
  journal={Verslas: Teorija ir praktika},
  volume={12},
  number={2},
  pages={150--161},
  year={2011}
}

@article{simanavivciene2011makroekonominiku,
  title={Makroekonomini{\k{u}} veiksni{\k{u}} {\k{i}}taka Lietuvos nekilnojamojo turto rinkos krizei},
  author={Simanavi{\v{c}}ien{\.e}, {\v{Z}}aneta and Keizerien{\.e}, Egl{\.e}},
  journal={Ekonomika ir vadyba},
  number={16},
  pages={323--329},
  year={2011}
}

@misc{aleknavivcius2011nekilnojamo,
  title={Nekilnojamo turto vertinimas},
  author={Aleknavi{\v{c}}ius, Audrius},
  year={2011}
}

@article{gasilionis2006nekilnojamojo,
  title={Nekilnojamojo turto administravimas},
  author={Gasilionis, Algimantas and Kasperavi{\v{c}}ius, Romualdas},
  journal={Vilnius: Technika},
  year={2006}
}

@article{tupenaite2009nekilnojamojo,
  title={Nekilnojamojo turto kain{\k{u}} burbulas ir jo pasekm{\.e}s Baltijos {\v{s}}alims},
  author={Tup{\.e}nait{\.e}, Laura and Kanapeckien{\.e}, Loreta},
  journal={Mokslas--Lietuvos ateitis},
  volume={1},
  number={5},
  pages={103--108},
  year={2009}
}

